@article{YOLO,
  author    = {Joseph Redmon and
               Santosh Kumar Divvala and
               Ross B. Girshick and
               Ali Farhadi},
  title     = {You Only Look Once: Unified, Real-Time Object Detection},
  journal   = {CoRR},
  volume    = {abs/1506.02640},
  year      = {2015},
  url       = {http://arxiv.org/abs/1506.02640},
  eprinttype = {arXiv},
  eprint    = {1506.02640},
  timestamp = {Mon, 13 Aug 2018 16:48:08 +0200},
  biburl    = {https://dblp.org/rec/journals/corr/RedmonDGF15.bib},
  bibsource = {dblp computer science bibliography, https://dblp.org}
}

@article{GOODFELLOW, 
  author = {
    Ian J. Goodfellow, 
    Yaroslav Bulatov, 
    Julian Ibarz, 
    Sacha Arnoud, 
    Vinay Shet
  }, 
  title = {Multi-digit Number Recognition from Street View Imagery using Deep Convolutional Neural Networks}, 
  doi = {10.48550/arXiv.1312.6082}, 
  year = {2013},
  url = {https://arxiv.org/abs/1312.6082} 
}

@article{SGP,
  doi = {10.48550/ARXIV.1702.08591},
  url = {https://arxiv.org/abs/1702.08591},
  author = {Balduzzi, David and Frean, Marcus and Leary, Lennox and Lewis, JP and Ma, Kurt Wan-Duo and McWilliams, Brian},
  keywords = {Neural and Evolutionary Computing (cs.NE), Machine Learning (cs.LG), Machine Learning (stat.ML), FOS: Computer and information sciences, FOS: Computer and information sciences},
  title = {The Shattered Gradients Problem: If resnets are the answer, then what is the question?},
  publisher = {arXiv},
  year = {2017},
 copyright = {arXiv.org perpetual, non-exclusive license}
}


