@book{Chalmers,
  author    = {{A. F. Chalmers}},
  title     = {{Theories as structures II: Research programs, I: \emph{What is this thing we called science?}. 3. udg.}},
  year      = {{2010}},
  publisher = {{Maidenhead: Open university press / McGraw-Hill Education}}
}